@report{
  collin2018,
  title={Market structure and transaction costs of index CDSs},
  author={Collin-Dufresne, Pierre and Junge, Benjamin and Trolle, Anders B},
  type={Swiss Finance Institute Research Paper},
  number={18-40},
  year={2018},
  url={https://ssrn.com/abstract=2786907}
}

@article{
  riggs2019,
  title={Swap trading after Dodd-Frank: Evidence from index CDS},
  author={Riggs, Lynn and Onur, Esen and Reiffen, David and Zhu, Haoxiang},
  journal={Journal of Financial Economics (JFE), Forthcoming},
  year={2019},
  url={https://ssrn.com/abstract=3047284}
}

@report{
  hau2019,
  title={Discriminatory pricing of over-the-counter derivatives},
  author={Hau, Harald and Hoffmann, Peter and Langfield, Sam and Timmer, Mr Yannick},
  year={2019},
  type={International Monetary Fund Working Paper},
  url={https://www.imf.org/~/media/Files/Publications/WP/2019/WPIEA2019100.ashx}
}

@techreport{
  bjonnes2017,
  title={Price Discrimination and the Cost of Liquidity in OTC Markets},
  author={Bj{\o}nnes, Geir H{\o}idal and Kathitziotis, Neophytos and Osler, Carol},
  year={2017},
  type={Working Paper},
  url={http://www.fmaconferences.org/Vegas/Papers/CostOfLiquidityInDealershipMarkets_BKO_FMA2016.pdf}
}

@online{
  wood2018,
  title={Hunt for toxic flow hits one of banking’s old problems},
  author={Wood, Duncan},
  year={2018},
  journal={Risk.Net},
  url={https://www.risk.net/derivatives/5750516/hunt-for-toxic-flow-hits-one-of-bankings-old-problems}
}

@article{glosten1985,
  title={Bid, ask and transaction prices in a specialist market with heterogeneously informed traders},
  author={Glosten, Lawrence R and Milgrom, Paul R},
  journal={Journal of financial economics},
  volume={14},
  number={1},
  pages={71--100},
  year={1985},
  publisher={Elsevier},
  url={http://pages.stern.nyu.edu/~lpederse/courses/LAP/papers/Information,Fundamental/GlostenMilgrom85.pdf}
}

@article{oomen2019,
  title={Price signatures},
  author={Oomen, Roel},
  journal={Quantitative Finance},
  volume={19},
  number={5},
  pages={733--761},
  year={2019},
  publisher={Taylor \& Francis},
  url={https://ssrn.com/abstract=3169832}
}

@article{cartea2019,
  title={Foreign exchange markets with last look},
  author={Cartea, {\'A}lvaro and Jaimungal, Sebastian and Walton, Jamie},
  journal={Mathematics and Financial Economics},
  volume={13},
  number={1},
  pages={1--30},
  year={2019},
  publisher={Springer},
  url={https://link.springer.com/article/10.1007/s11579-018-0218-3}
}

@book{rodgers2016why,
  title={Why Aren't They Shouting?: A Banker’s Tale of Change, Computers and Perpetual Crisis},
  author={Rodgers, Kevin},
  year={2016},
  publisher={Random House},
  isbn={9781473535633}
}

@report{euromoney2019,
  title={Euromoney FX Survey 2019 results released},
  author={Euromoney},
  type={Press release},
  year={2019},
  url={https://www.euromoney.com/Media/documents/euromoney/pdf/research/Euromoney-FX-Survey-2019-Press-Release.pdf}
}

@article{oomen2017,
  title={Execution in an aggregator},
  author={Oomen, Roel},
  journal={Quantitative Finance},
  volume={17},
  number={3},
  pages={383--404},
  year={2017},
  publisher={Routledge},
  url={http://eprints.lse.ac.uk/67454/1/Oomen_Execution%20aggregator_2016.pdf}
}

@report{hasbrouck2017securities,
  title={Securities Trading: Principles and Procedures},
  author={Hasbrouck, Joel},
  year={2017},
  type={Teaching notes},
  url={http://pages.stern.nyu.edu/~jhasbrou/TeachingMaterials/STPPms12a.pdf},
}

@book{foucault2013market,
  title={Market liquidity: theory, evidence, and policy},
  author={Foucault, Thierry and Pagano, Marco and Roell, Ailsa},
  year={2013},
  publisher={Oxford University Press},
  isbn={9780199324095}
}

@article{domanski2015central,
  title={Central clearing: trends and current issues},
  author={Domanski, Dietrich and Gambacorta, Leonardo and Picillo, Cristina},
  journal={BIS Quarterly Review December},
  year={2015},
  pages={59--76},
  url={https://www.bis.org/publ/qtrpdf/r_qt1512g.htm}
}

@book{hull2015options,
  title={Options, Futures, and Other Derivatives},
  edition={9},
  author={Hull, John C},
  isbn={9780133456318},
  year={2015},
  publisher={Pearson}
}

@online{golov2019fx,
  title={FXSpotStream, CBOE and LMAX Exchange Gain eFX Market Share},
  author={Victor Golovtchenko},
  year={2019},
  url={https://www.financemagnates.com/institutional-forex/execution/fxspotstream-cboe-and-lmax-exchange-gain-efx-market-share/}
}

@online{cme2019elig,
  title={EBS Market Participant Eligibility Criteria},
  year={2019},
  url={https://www.cmegroup.com/trading/market-tech-and-data-services/files/ebs-market-participant-eligibility-criteria.pdf},
  author={{CME Group}}
}

@online{moex2019mm,
  title={\begin{otherlanguage}{russian}Краткое описание маркет-мейкерских программ валютного рынка\end{otherlanguage}},
  year={2019},
  url={https://fs.moex.com/files/11083/},
  author={{\begin{otherlanguage}{russian}Московская биржа\end{otherlanguage}}},
  shorthand={Mos19}
}

