@book{bali2016empirical,
  title={Empirical asset pricing: the cross section of stock returns},
  author={Bali, Turan G and Engle, Robert F and Murray, Scott},
  year={2016},
  publisher={John Wiley \& Sons},
  isbn={9781118095041}
}

@online{welch,
  title={Investments},
  author={Welch, Ivo},
  url={https://book.ivo-welch.info/bookg.pdf},
  year={2009}
}

@book{goryaev2009,
  title={\ru{Финансовая грамота}},
  author={\ru{Алексей Горяев, Валерий Чумаченко}},
  year={2009},
  publisher={\ru{Российская экономическая школа}},
  url={https://www.nes.ru/dataupload/files/projects/financial-literacy/Fingramota%20Web%20Version%20.pdf},
  shorthand={GCh09}
}

@book{pedersen2015efficiently,
  title={Efficiently Inefficient: How Smart Money Invests and Market Prices Are Determined},
  author={Pedersen, Lasse Heje},
  year={2015},
  publisher={Princeton University Press},
  isbn={9780691166193}
}

@book{cochrane2005asset,
  title={Asset pricing. Revised edition},
  author={Cochrane, John H},
  year={2005},
  publisher={Princeton University Press},
  isbn={0691121370}
}

@article{marron2011default,
  author={Donald Marron},
  title={The Day the United States Defaulted on Treasury Bills},
  journal={Forbes},
  date=2011,
  month=May,
  day=26,
  url={https://www.forbes.com/sites/beltway/2011/05/26/the-day-the-united-states-defaulted-on-treasury-bills/}
}

@online{kennethFrench,
   title={Kenneth French Data Library},
   author={French, Kenneth R},
   url={https://mba.tuck.dartmouth.edu/pages/faculty/ken.french/data_library.html},
   year={2021}
}

@online{fredCpiu,
    url={https://fred.stlouisfed.org/series/CPIAUCNS},
    author={U.S. Bureau of Labor Statistics},
    title={Consumer Price Index for All Urban Consumers: All Items in U.S. City Average [CPIAUCNS]},
    year={2020}
}

@book{mehra2007equity,
  title={The equity premium puzzle: A review},
  author={Mehra, Rajnish},
  year={2007},
  publisher={Now Publishers Inc},
  url={http://citeseerx.ist.psu.edu/viewdoc/download?doi=10.1.1.578.4209&rep=rep1&type=pdf}
}

@article{siegel1997anomalies,
  title={Anomalies: The equity premium puzzle},
  author={Siegel, Jeremy J and Thaler, Richard H},
  journal={Journal of Economic Perspectives},
  volume={11},
  number={1},
  pages={191--200},
  year={1997},
  url={https://pubs.aeaweb.org/doi/pdfplus/10.1257/jep.11.1.191}
}

@article{benartzi1995myopic,
  title={Myopic loss aversion and the equity premium puzzle},
  author={Benartzi, Shlomo and Thaler, Richard H},
  journal={The quarterly journal of Economics},
  volume={110},
  number={1},
  pages={73--92},
  year={1995},
  publisher={MIT Press},
  url={https://www.nber.org/papers/w4369.pdf}
}

@book{thaler2015misbehaving,
  title={Misbehaving: The making of behavioral economics},
  author={Thaler, Richard H},
  year={2015},
  publisher={W. W. Norton \& Company, Inc},
  isbn={978-0-393-08094-0}
}

@article{welch2008comprehensive,
  title={A comprehensive look at the empirical performance of equity premium prediction},
  author={Welch, Ivo and Goyal, Amit},
  journal={The Review of Financial Studies},
  volume={21},
  number={4},
  pages={1455--1508},
  year={2008},
  publisher={Society for Financial Studies},
  url={https://www.nber.org/papers/w10483.pdf}
}

@book{verbeek2012guide,
  title={A guide to modern econometrics},
  edition={4},
  author={Verbeek, Marno},
  year={2012},
  publisher={John Wiley \& Sons Ltd.},
  isbn={9781119951674}
}

@book{cornuejols2006optimization,
  title={Optimization methods in finance},
  author={Cornuejols, Gerard and T{\"u}t{\"u}nc{\"u}, Reha},
  year={2006},
  publisher={Cambridge University Press},
  isbn={9780511258183}
}

@article{Fama93commonrisk,
  author = {Fama, Eugene F and French, Kenneth R},
  title = {Common Risk Factors in the Returns On Stocks And Bonds},
  journal = {Journal of Financial Economics},
  year = {1993},
  volume = {33},
  pages = {3--56},
  url={http://fir.nes.ru/~agoriaev/Papers/Fama-French%20APT%20three-factor%20model%20JFE93m.pdf}
}

@article{carhart1997persistence,
  title={On persistence in mutual fund performance},
  author={Carhart, Mark M},
  journal={The Journal of finance},
  volume={52},
  number={1},
  pages={57--82},
  year={1997},
  url={https://onlinelibrary.wiley.com/doi/pdf/10.1111/j.1540-6261.1997.tb03808.x}
}

@article{fama2010luck,
  title={Luck versus skill in the cross-section of mutual fund returns},
  author={Fama, Eugene F and French, Kenneth R},
  journal={The journal of finance},
  volume={65},
  number={5},
  pages={1915--1947},
  year={2010},
  url={http://mba.tuck.dartmouth.edu/bespeneckbo/default/AFA611-Eckbo%20web%20site/AFA611-S8C-FamaFrench-LuckvSkill-JF10.pdf}
}

@online{capmruWeb,
    url={https://ipei.ranepa.ru/ru/capm-ru},
    author={\ru{ИПЭИ РАНХиГС}},
    title={\ru{Конструктор CAPM-RU}},
    year={2020},
    shorthand={IPEI20}
}

@article{bogle2016index,
  title={The index mutual fund: 40 years of growth, change, and challenge},
  author={Bogle, John C},
  journal={Financial Analysts Journal},
  volume={72},
  number={1},
  pages={9--13},
  year={2016},
  publisher={Taylor \& Francis},
  url={https://ejvanalytics.com/wp-content/uploads/2018/08/2017-Bogle-40-years-of-Funds.pdf}
}

@online{vanguard500,
  title={VFIAX - Vanguard 500 Index Fund Admiral Shares},
  author={{The Vanguard Group, Inc.}},
  url={https://investor.vanguard.com/mutual-funds/profile/fees/vfiax},
  year={2020},
  shorthand={Van20}
}

@online{ishares2020report,
  title={iShares Trust 2020 Annual Report},
  author={{BlackRock, Inc.}},
  url={https://www.ishares.com/us/literature/annual-report/ar-ishares-core-s-and-p-etfs-03-31.pdf},
  year={2020}
}

@article{wsj2011lending,
  author={Weinberg, Ari I},
  title={When ETFs Are Lenders},
  journal={The Wall Street Journal},
  url={https://www.wsj.com/articles/SB10001424052702303823104576391573704929238},
  year={2011}
}

@techreport{pagano2019can,
  title={Can ETFs contribute to systemic risk?},
  author={Pagano, Marco and S{\'a}nchez Serrano, Antonio and Zechner, Josef},
  journal={Reports of the Advisory Scientific Committee},
  number={9 / June 2019},
  year={2019},
  institution={European Systemic Risk Board},
  url={https://www.esrb.europa.eu/pub/pdf/asc/esrb.asc190617_9_canetfscontributesystemicrisk~983ea11870.en.pdf}
}

@book{bodie2014investments,
  title={Investments},
  edition={4},
  author={Bodie, Zvi and Kane, Alex and Marcus, Alan J},
  year={2014},
  publisher={McGraw-Hill Education},
  isbn={978-0-07-786167-4}
}

@article{frazzini2014betting,
  title={Betting against beta},
  author={Frazzini, Andrea and Pedersen, Lasse Heje},
  journal={Journal of Financial Economics},
  volume={111},
  number={1},
  pages={1--25},
  year={2014},
  publisher={Elsevier},
  url={http://people.stern.nyu.edu/afrazzin/pdf/Betting%20Against%20Beta%20-%20Frazzini%20and%20Pedersen.pdf}
}

@online{cochrane2013consumption,
  title = {Consumption and Risk Premiums},
  date = {2013},
  publisher = {YouTube},
  organization = {University of Chicago},
  author = {Cochrane, John H},
  url = {https://www.youtube.com/watch?v=arDPFNUYQIU&t=325},
}

@article{maloney2003complexity,
  title={The complexity of price discovery in an efficient market: the stock market reaction to the Challenger crash},
  author={Maloney, Michael T and Mulherin, J Harold},
  journal={Journal of corporate finance},
  volume={9},
  number={4},
  pages={453--479},
  year={2003},
  publisher={Elsevier},
  url={http://citeseerx.ist.psu.edu/viewdoc/download?doi=10.1.1.366.1998&rep=rep1&type=pdf}
}

@article{krokhmal2002portfolio,
  title={Portfolio optimization with conditional value-at-risk objective and constraints},
  author={Krokhmal, Pavlo and Palmquist, Jonas and Uryasev, Stanislav},
  journal={Journal of risk},
  volume={4},
  pages={43--68},
  year={2002},
  publisher={Citeseer},
  url={http://citeseerx.ist.psu.edu/viewdoc/download?doi=10.1.1.4.1197&rep=rep1&type=pdf}
}

@online{portfolio2020,
  title={Portfolio Visualizer --- Efficient Frontier},
  author={{Silicon Cloud Technologies LLC}},
  url={https://www.portfoliovisualizer.com/efficient-frontier},
  year={2020},
  shorthand={EF20}
}

@online{moex2020,
  title={\ru{Индексы МосБиржи полной доходности}},
  author={\ru{Московская биржа}},
  url={https://www.moex.com/ru/index/totalreturn/MCFTR},
  year={2020},
  shorthand={Mos20}
}

@online{cbr2020,
  title={\ru{Ключевая ставка Банка России}},
  author={\ru{Банк России}},
  url={http://cbr.ru/hd_base/KeyRate/},
  year={2020},
  shorthand={CBR20}
}

@article{markowitz1952,
  title={Portfolio Selection},
  author={Markowitz, Harry},
  journal={The Journal of Finance},
  volume={7},
  number={1},
  pages={77--91},
  year={1952},
  url={https://www.math.ust.hk/~maykwok/courses/ma362/07F/markowitz_JF.pdf}
}

@article{sharpe1964capital,
  title={Capital asset prices: A theory of market equilibrium under conditions of risk},
  author={Sharpe, William F},
  journal={The Journal of Finance},
  volume={19},
  number={3},
  pages={425--442},
  year={1964},
  publisher={Wiley Online Library},
  url={https://onlinelibrary.wiley.com/doi/full/10.1111/j.1540-6261.1964.tb02865.x}
}

@article{lintner1965valuation,
  title={The valuation of risk assets and the selection of risky investments in stock portfolios and capital budgets},
  author={Lintner, John},
  journal={The Review of Economics and Statistics},
  volume={47},
  number={1},
  pages={13--37},
  year={1965},
  url={https://pdfs.semanticscholar.org/c0ad/e23beea4ea33189ad983c62f496584efe3d0.pdf?_ga=2.183278374.185097154.1604418939-2006409958.1599890635}
}

@article{mossin1966equilibrium,
  title={Equilibrium in a capital asset market},
  author={Mossin, Jan},
  journal={Econometrica: Journal of the econometric society},
  pages={768--783},
  year={1966},
  publisher={JSTOR},
  url={https://pdfs.semanticscholar.org/eda6/46f4a2d46adf404790e94276ca254285ad01.pdf}
}

@article{campbell1988dividend,
  title={Stock prices, earnings, and expected dividends},
  author={Campbell, John Y and Shiller, Robert J},
  journal={the Journal of Finance},
  volume={43},
  number={3},
  pages={661--676},
  year={1988},
  publisher={Wiley Online Library},
  url={https://www.bauer.uh.edu/rsusmel/phd/campbellshiller88.pdf}
}

@article{shiller2020cape,
  title={Making Sense of Sky-High Stock Prices},
  author={Shiller, Robert J and Black, Laurence and Jivraj, Farouk},
  title={Making Sense of Sky-High Stock Prices},
  journal={Project Syndicate},
  year={2020},
  url={https://www.project-syndicate.org/commentary/making-sense-of-soaring-stock-prices-by-robert-j-shiller-et-al-2020-11},  
}

@article{shiller2020covid,
  title={CAPE and the COVID-19 Pandemic Effect},
  author={Shiller, Robert J and Black, Laurence and Jivraj, Farouk},
  journal={SSRN},
  year={2020},
  url={https://papers.ssrn.com/sol3/papers.cfm?abstract_id=3714737}
}


@article{gordon1956capital,
  title={Capital equipment analysis: the required rate of profit},
  author={Gordon, Myron J and Shapiro, Eli},
  journal={Management science},
  volume={3},
  number={1},
  pages={102--110},
  year={1956},
  publisher={INFORMS},
  url={http://rikeizai.cocolog-nifty.com/blog/files/capital_equipment_analysis_the_required_rate_of_profit.pdf}
}

@online{fredGS10,
    url={https://fred.stlouisfed.org/series/GS10},
    author={Board of Governors of the Federal Reserve System (US)},
    title={10-Year Treasury Constant Maturity Rate [GS10]},
    year={2021}
}

@online{fredFII10,
    url={https://fred.stlouisfed.org/series/FII10},
    author={Board of Governors of the Federal Reserve System (US)},
    title={10-Year Treasury Inflation-Indexed Security, Constant Maturity [FII10]},
    year={2021}
}

@online{shillerOnline,
    url={http://www.econ.yale.edu/~shiller/data.htm},
    title={Online Data - Robert Shiller},
    author={Shiller, Robert J},
    year={2021}
}

@article{asness2012old,
  title={An Old Friend: the Stock Market’s Shiller P/E},
  author={Asness, Clifford S},
  journal={AQR Capital Management},
  year={2012},
  url={https://www.aqr.com/Insights/Research/White-Papers/An-Old-Friend-The-Stock-Markets-Shiller-PE}
}

@article{asness2017market,
  title={Market Timing: Sin a Little},
  author={Asness, Cliff and Ilmanen, Antti and Maloney, Thomas},
  journal={Journal Of Investment Management},
  year={2017},
  volume={15},
  number={3},
  pages={23--40},
  url={https://www.aqr.com/Insights/Research/White-Papers/Market-Timing-Sin-a-Little}
}